1728 2647
611 326 638 361 4

612 409 717 448 gegen
733 400 825 436 einen
842 399 966 436 andern
988 398 1118 443 Koͤrper
1135 402 1296 451 hinhielt,
1325 415 1360 439 er
1383 406 1492 449 leichte
1515 405 1648 452 Koͤrper

614 456 658 494 an
682 455 740 501 ſich
767 465 842 502 zog,
881 456 1027 498 kniſterte
1055 459 1121 492 und
1146 457 1180 493 in
1210 460 1267 494 der
1293 458 1518 512 Dunkelheit,
1548 465 1647 503 kleine

613 505 787 558 Fuͤnkchen
803 510 894 560 ſehen
911 510 989 555 ließ.
1048 511 1142 548 Weil
1157 512 1216 549 der
1231 514 1428 557 Bernſtein,
1463 517 1647 559 electrum

613 565 712 617 heiſt,
744 567 774 609 ſo
793 574 912 603 nannte
932 578 1009 604 man
1027 568 1129 610 dieſes
1138 567 1265 615 Feuer,
1297 572 1516 621 electriſches
1525 575 1644 621 Feuer.

613 621 705 660 Man
721 623 876 659 bemerkte
892 623 1029 672 hernach
1040 623 1129 669 auch,
1159 625 1224 668 daß
1237 625 1339 667 Glas,
1369 628 1471 675 Pech,
1503 631 1646 679 Schwe-

613 678 675 722 fel,
708 676 928 725 Siegellac *)
953 690 990 717 u.
1018 681 1049 715 d.
1074 690 1110 725 g.
1144 680 1206 718 das
1234 684 1410 732 nehmliche
1440 684 1547 730 Feuer
1578 697 1645 725 von

613 734 671 776 ſich
691 737 802 779 geben,
832 744 926 769 wenn
945 744 1023 770 man
1043 734 1082 772 ſie
1102 739 1261 773 entweder
1278 741 1338 777 mit
1352 741 1409 776 der
1419 739 1535 786 Hand,
1570 745 1646 780 oder

611 790 677 826 mit
691 787 797 824 einem
817 789 967 825 ledernen
985 783 1108 832 Kuͤſſen
1129 791 1223 828 reibt.

694 840 818 894 Daher
834 845 956 889 machte
977 853 1055 881 man
1072 844 1283 892 Maſchienen
1302 849 1335 886 in
1350 849 1463 896 welche
1481 860 1558 887 man
1573 849 1646 890 Ku-

612 902 686 948 geln
702 907 770 935 von
790 898 901 942 Glas,
931 900 1008 935 oder
1027 900 1261 949 Schwefel **)
1280 905 1429 949 einſezte,
1460 908 1528 943 und
1544 908 1649 954 durch

612 955 667 992 ein
684 953 764 990 Rad
781 953 900 1005 herum
922 955 1023 998 trieb;
1053 968 1095 993 an
1128 959 1178 994 die
1202 956 1314 1008 Kugel
1341 961 1417 998 aber
1443 963 1494 999 ein
1521 957 1646 1008 Kuͤſſen

612 1010 746 1052 anhielt.
807 1010 872 1047 Um
892 1012 968 1048 aber
985 1013 1045 1048 das
1066 1012 1192 1058 Feuer,
1217 1016 1350 1055 welches
1369 1026 1446 1051 man
1463 1018 1562 1062 durch
1580 1021 1644 1056 das

610 1064 742 1100 Reiben
772 1064 872 1109 dieſer
894 1064 988 1103 Glas
1020 1068 1087 1103 und
1114 1066 1410 1113 Schwefelkugeln
1435 1070 1568 1121 erhielt,
1602 1085 1643 1119 zu

609 1118 783 1160 ſammeln,
821 1121 945 1163 machte
971 1131 1051 1155 man
1079 1122 1229 1164 folgende
1254 1119 1489 1172 Einrichtung.
1550 1126 1644 1165 Man

608 1173 766 1209 bemerkte
783 1173 846 1211 daß
864 1173 966 1215 dieſes
982 1172 1092 1218 Feuer
1115 1181 1182 1210 von
1209 1175 1298 1212 einer
1326 1180 1516 1224 geriebenen
1538 1180 1642 1221 Glas-

609 1228 724 1276 kugel,
756 1238 854 1277 gerne
880 1228 944 1272 auf
972 1228 1032 1265 alle
1059 1229 1165 1267 Arten
1188 1238 1254 1267 von
1280 1230 1442 1270 Metallen
1466 1237 1518 1280 loß
1546 1241 1642 1287 gehet

608 1290 678 1323 und
700 1287 804 1322 daran
827 1286 895 1330 fort
919 1286 1016 1327 lauft.
1073 1284 1161 1332 Daß
1192 1288 1269 1325 aber
1294 1288 1356 1326 das
1384 1289 1498 1333 Glas,
1529 1292 1641 1339 Pech,

607 1340 789 1385 Sigellac,
826 1343 884 1375 alle
909 1342 1015 1379 Arten
1042 1350 1107 1380 von
1134 1343 1291 1391 Harzen,
1326 1348 1395 1383 und
1424 1349 1475 1385 die
1500 1346 1642 1393 Seide,

607 1395 710 1438 dieſes
720 1393 826 1439 Feuer
836 1395 921 1437 nicht
931 1398 1042 1431 weiter
1052 1399 1162 1440 laufen
1179 1402 1287 1443 laſſen.
1297 1404 1365 1447 ***)
1423 1401 1546 1453 Daher
1563 1405 1643 1447 ſtell-

608 1457 640 1484 te
663 1459 742 1483 man
764 1449 834 1482 eine
856 1448 1014 1491 blecherne
1037 1447 1155 1499 Roͤhre
1178 1455 1340 1488 entweder
1365 1458 1429 1495 auf
1447 1458 1539 1491 einen
1564 1459 1643 1503 Fuß

610 1510 676 1540 von
693 1503 784 1542 Glas
803 1504 876 1539 oder
887 1502 997 1548 Pech;
1028 1504 1104 1541 oder
1115 1504 1214 1554 hieng
1230 1506 1267 1548 ſie
1287 1518 1328 1543 an
1345 1508 1489 1550 ſeidenen
1500 1509 1642 1559 Schnuͤ-

608 1570 667 1596 ren
686 1562 765 1601 auf,
791 1560 862 1596 und
880 1560 1008 1604 richtete
1029 1560 1068 1602 ſie
1087 1570 1188 1609 gegen
1207 1562 1277 1598 eine
1298 1561 1504 1615 Glaskugel,
1534 1570 1585 1610 die
1605 1574 1641 1611 in

607 1618 664 1654 der
683 1615 744 1662 erſt
761 1616 926 1653 bemelden
937 1614 1146 1664 Maſchiene,
1173 1619 1225 1657 die
1240 1629 1320 1659 man
1329 1620 1643 1676 Electriſirmaſchie-

1605 1696 1645 1723 ne

606 1759 645 1797 *)
667 1759 789 1792 Gilbert
803 1758 850 1791 ein
867 1752 1065 1795 Engellaͤnder
1082 1759 1120 1791 im
1138 1763 1184 1791 16.
1196 1759 1429 1805 Jahrhundert,
1449 1768 1537 1808 zeigte
1552 1769 1642 1808 dieſes

668 1817 701 1849 zu
716 1810 771 1846 erſt
790 1812 822 1842 in
838 1809 940 1846 ſeinem
957 1809 1079 1844 Tractat
1093 1819 1160 1846 vom
1178 1813 1322 1853 Magnat.

605 1858 666 1895 **)
688 1858 770 1891 Otto
788 1865 848 1890 von
864 1858 991 1891 Guerike
1012 1870 1058 1895 ein
1082 1860 1317 1902 Burgermeiſter
1341 1865 1372 1894 in
1387 1864 1580 1910 Magdeburg
1603 1872 1643 1904 im

665 1910 790 1947 vorigen
812 1907 1041 1947 Jahrhundert,
1075 1913 1178 1952 erfand
1198 1914 1246 1945 die
1267 1914 1383 1953 Kugeln
1404 1917 1465 1954 von
1484 1918 1643 1962 Schwefel

666 1962 698 1994 zu
716 1955 894 1991 electriſchen
911 1956 1077 1998 Gebrauch.

604 2006 690 2042 ***)
712 2004 796 2038 Man
814 2011 922 2036 nennet
940 2007 1030 2045 daher
1044 2014 1090 2043 die
1107 2012 1253 2053 Metalle,
1276 2017 1334 2049 das
1347 2016 1462 2063 Waſſer
1471 2025 1525 2056 den
1539 2024 1641 2062 thieri-

666 2053 744 2090 ſchen
767 2054 825 2084 und
842 2053 1043 2095 menſchlichen
1057 2057 1176 2099 Koͤrper
1197 2072 1226 2095 u.
1245 2067 1271 2096 d.
1288 2075 1316 2106 g.
1333 2068 1474 2104 leitende
1492 2068 1642 2115 Koͤrper

668 2103 723 2135 des
753 2102 933 2138 electrischen
961 2104 1087 2144 Feuers.
1139 2110 1292 2153 Hingegen
1325 2117 1429 2158 Glas,
1459 2119 1555 2162 Pech,
1585 2127 1640 2160 alle

663 2148 793 2188 Harzen,
818 2147 984 2188 Schwefel,
1048 2157 1159 2195 Sigellac,
1183 2164 1292 2204 Seide,
1316 2165 1434 2209 gedoͤrrt
1443 2169 1516 2213 Holz
1534 2177 1637 2209 u. d. g.

658 2197 748 2237 nicht
762 2198 902 2233 leitende
925 2196 1074 2243 Koͤrper
1091 2208 1145 2242 des
1161 2207 1340 2256 electriſchen
1359 2215 1486 2257 Feuers.
