1728 2647
585 455 704 499 Dem

341 535 743 595 Durchlauchtigſten
773 531 944 594 Fuͤrſten

602 630 683 668 und

259 717 641 788 HERRN,
691 710 1037 781 HERRN

137 808 596 928 Chriſtian
661 806 1156 925 Friederich

234 960 454 1062 Carl
524 956 1058 1061 Alexander,

133 1125 417 1182 Marggrafen
447 1137 494 1182 zu
523 1121 836 1178 Brandenburg
864 1121 908 1166 in
937 1118 1158 1175 Preußen,

134 1196 178 1232 zu
208 1184 404 1232 Schleſien,
443 1184 678 1232 Magdeburg,
719 1182 831 1222 Cleve,
868 1177 1004 1224 Juͤlich,
1039 1176 1159 1224 Berg,

137 1240 304 1283 Stettin,
343 1240 546 1285 Pommern,
590 1239 646 1274 der
683 1237 839 1278 Caſſuben
878 1236 945 1271 und
982 1233 1157 1275 Wenden,

135 1304 177 1340 zu
209 1294 441 1341 Mecklenburg
467 1294 533 1330 und
565 1303 603 1335 zu
628 1291 757 1333 Croßen
785 1290 952 1334 Herzoge;
981 1287 1161 1333 Burggra-

137 1350 195 1390 fen
232 1357 270 1390 zu
299 1343 501 1391 Nuͤrnberg,
540 1346 614 1379 ober
631 1359 645 1378 -
673 1344 740 1379 und
777 1343 950 1390 unterhalb
980 1336 1158 1388 Gebuͤrgs;

134 1386 275 1443 Fuͤrsten
305 1409 343 1444 zu
365 1398 594 1445 Halberſtadt,
625 1396 787 1439 Minden,
819 1397 960 1443 Camin,
986 1396 1159 1440 Wenden,

136 1454 344 1501 Schwerin,
374 1455 560 1506 Ratzeburg
584 1455 651 1492 und
669 1453 797 1496 Moͤrs;
829 1452 963 1496 Grafen
985 1464 1024 1498 zu
1041 1451 1158 1500 Glatz,

135 1511 398 1565 Hohenzollern,
431 1516 487 1552 der
516 1511 636 1556 Mark,
672 1510 894 1558 Ravensberg
922 1510 989 1547 und
1019 1507 1162 1552 Schwe-

134 1571 209 1614 rin;
249 1569 364 1616 Herrn
395 1582 431 1617 zu
462 1569 683 1613 Ravenſtein,
719 1569 776 1604 der
802 1566 899 1605 Lande
929 1565 1063 1609 Roſtock
1092 1565 1162 1602 und

132 1627 351 1675 Stargard;
395 1627 529 1672 Grafen
573 1637 610 1672 zu
647 1623 756 1668 Sayn
793 1624 859 1661 und
899 1620 1159 1670 Wittgenſtein;

133 1684 248 1729 Herrn
284 1694 322 1727 zu
360 1682 508 1729 Limburg
537 1693 579 1718 ꝛc.
609 1692 647 1717 ꝛc.
714 1678 796 1718 Des
834 1674 988 1723 loͤblichen
1027 1677 1160 1725 Fraͤnki-

131 1738 222 1784 ſchen
254 1736 392 1781 Craißes
428 1737 531 1780 Craiß.
592 1734 751 1776 Oberſten
787 1735 854 1772 und
891 1733 1037 1771 General
1066 1730 1161 1777 Feld-

129 1793 333 1838 Marſchall;
363 1792 455 1843 Ihro
485 1788 640 1836 Roͤmiſch
666 1787 809 1832 Kaiſerl.
831 1785 970 1835 Koͤnigl.
995 1781 1159 1832 Majeſtaͤt

134 1847 317 1888 General-
342 1848 481 1893 Major;
510 1845 601 1895 Ihro
629 1841 765 1892 Koͤnigl.
797 1842 1017 1887 Preußiſchen
1049 1840 1161 1888 Maje-

218 1897 281 1947 ſtaͤt
310 1901 455 1941 General
470 1917 484 1936 -
503 1900 682 1937 Lieutenant
715 1900 781 1934 und
811 1896 968 1939 Obriſten
998 1891 1077 1934 uͤber

381 1957 457 2001 drey
487 1954 667 1994 Cavallerie
696 1953 915 2001 Regimenter

281 2124 496 2186 Meinem
541 2123 800 2193 gnaͤdigſten
833 2120 1024 2193 Fuͤrſten

494 2193 588 2250 und
630 2191 806 2257 Herrn.
