800 1185
76 129 78 131 er
113 118 151 149 der
161 118 234 149 Löſung
249 123 279 144 der
297 122 361 149 großen
383 128 394 147 —
407 105 506 147 5
530 121 617 147 Fragen
638 121 674 142 der

77 156 183 182 egenwart
197 155 291 181 unbedingt
305 154 433 179 vorausgehen.

109 188 149 210 Mit
168 187 251 208 kleinen
266 186 394 211 Mittelchen
413 186 473 212 behilft
488 192 530 207 man
550 185 580 210 ſich
595 185 636 211 auch
656 186 674 206 in

46 215 129 257 Betreff
138 220 168 241 der
182 220 262 245 letzteren,
276 218 358 244 während
372 218 413 243 auch
427 219 463 243 hier
476 218 526 239 Alles
542 224 561 243 zu
576 219 622 239 einer
636 224 674 239 um—

70 248 142 288 ſſenden
150 248 279 288 Neugeſtaltung
285 251 354 277 drängt,
360 251 386 272 die
392 252 421 271 der
438 248 516 281 modernen
523 251 633 274 Civiliſation
640 250 675 271 und

97 285 228 311 allgemeinen
249 283 427 309 Friedensbedürfniß
449 283 478 303 der
499 282 562 303 Völker
584 283 675 308 Europa's

179 317 221 337 Das
237 316 309 341 Syſtem
329 315 359 336 des
376 315 510 336 Militarismus
528 315 564 335 und
581 315 611 335 der
630 315 674 335 ein—

182 477 306 502 verſchiedenen
342 476 547 502 Friedensgeſellſchaften
587 476 676 501 verfolgen

110 510 191 535 löblichen
205 510 267 535 Zweck,
288 510 341 534 dieſes
355 509 497 534 Mißverhältniß
517 508 589 532 dadurch
608 514 628 533 zu
648 508 675 528 be—

56 543 135 571 ſeiligen,
144 542 178 567 daß
191 542 214 567 ſie
228 542 257 568 für
272 543 298 562 die
312 542 424 567 Schlichtung
438 541 581 562 internationaler
592 540 676 565 Conflicte

60 573 112 602 durch
126 575 200 602 jeweilig
215 575 332 600 einzuſetzende
347 574 523 599 Schiedsgerichte
545 574 627 594 eintreten
642 573 676 593 und

100 603 203 648 offentliche
213 607 303 632 Meinung
323 606 375 631 dafür
396 613 416 631 zu
435 606 530 626 erwärmen
550 605 613 630 ſuchen.
642 605 676 625 Die

107 640 157 670 änger
170 639 201 660 des
211 639 346 660 Militarismus
360 639 428 662 machen
442 639 480 658 dem
494 638 589 664 gegenüber
603 637 675 663 geltend,

80 695 83 697 iß
114 672 159 693 keine
179 671 285 696 Großmacht
304 672 331 691 die
348 671 472 696 Entſcheidung
491 671 533 690 über
553 670 588 694 ihre
608 670 677 695 eigenen

78 703 166 736 ntereſſen,
181 704 238 728 ſoweit
261 708 280 723 es
301 703 331 727 ſich
355 703 398 726 nicht
419 709 449 723 um
472 702 598 723 unbedeutende
619 701 678 726 Dinge

102 736 137 760 delt,
151 739 186 759 aus
200 735 232 756 den
246 735 320 760 Händen
337 736 389 760 geben
404 735 444 755 oder
461 735 493 754 den
507 734 601 759 jeweiligen
616 739 635 758 zu
650 739 676 753 er—

108 768 163 789 enden
172 767 320 792 Schiedsrichtern
336 766 430 790 überlaſſen
447 766 505 786 könne.
534 765 565 789 In
575 765 610 785 der
619 765 678 788 That

126 800 167 824 auch
188 799 238 824 durch
259 799 287 819 ein
308 798 385 821 bloßes
407 797 678 823 Schiedsgericht
583 797 593 824 s
603 797 678 823 ſyſtem,

112 831 223 860 Annahme
237 832 275 851 dem
289 830 392 851 Belieben
407 831 436 851 der
450 830 535 855 einzelnen
545 829 615 853 Mächte
629 829 678 850 über—

110 862 187 893 wbleibt,
202 864 236 884 der
250 863 313 888 Krieg
328 863 380 887 nicht
395 866 435 883 aus
449 863 485 882 der
499 861 562 882 Welt
576 861 679 887 geſchafft

164 896 227 920 Dieſes
241 895 280 920 Ziel
295 895 313 919 iſt
328 895 410 919 vielmehr
424 901 466 914 nur
482 894 532 919 durch
546 894 583 914 eine
597 893 678 914 völker—

86 918 153 956 dilich
167 934 190 953 zu
205 926 391 952 ſanetionirende,
408 927 523 952 allgemein
538 925 680 949 verbindliche

102 960 262 986 regelmäßige
297 959 469 980 internationale
493 957 680 982 Gerichtsbarkeit

46 989 72 1010 i
97 992 185 1018 erreichen.
213 992 256 1013 Das
274 992 441 1016 Rechtsprineip
462 990 504 1015 muß
523 990 586 1014 endlich
606 990 646 1014 auch
662 990 681 1011 in

136 1035 174 1056 Bal.
186 1034 222 1056 auch
234 1034 283 1052 meine
295 1034 355 1055 Schrift
371 1034 425 1055 „Der
437 1032 579 1053 Anarchismus
592 1034 629 1050 und
641 1032 680 1050 das

97 1062 122 1087 cht
134 1062 166 1080 der
177 1061 286 1083 Schwachen
305 1061 350 1078 oder:
368 1060 399 1079 Die
411 1061 443 1078 drei
454 1060 548 1078 Grundübel
561 1059 621 1080 unſerer
632 1059 680 1081 Zeit'“
