800 1211
0 0 212 14 ————

301 0 460 26 —————
559 10 568 12 *
678 12 739 22 —

84 60 148 85 reich,
169 60 227 85 Rußl
237 60 277 81 and
292 61 328 81 und
343 60 486 86 Deutſchland
508 61 527 80 in
542 60 612 85 Betreff
627 60 657 81 der
678 60 714 85 oſt⸗

85 94 141 118 aſiat
151 93 213 120 iſchen
220 94 377 120 Angelegenheiten
386 94 421 114 und
437 93 462 120 das
469 93 715 120 engliſch-franzöſiſch—

85 127 184 152 ruſſiſche
199 126 288 152 Bündniß
303 127 321 147 in
332 126 402 151 Betreff
417 127 447 147 der
461 126 602 152 armeniſchen
617 125 699 152 Frage
707 137 715 140 —

86 160 110 181 all
125 160 169 184 dieſe
183 160 283 183 Bündniſſe
298 160 365 181 können
379 161 408 181 als
432 160 467 181 Vor
475 158 507 184 ſtu
515 158 544 184 fen
560 159 590 184 für
604 159 637 180 ben
647 158 715 180 Welt⸗

85 194 130 215 Sta
138 196 189 214 aten
202 194 250 214 buud
267 193 362 220 angeſehen
376 194 444 214 werden
459 193 495 213 und
510 196 530 213 es
544 192 623 218 bedürfte
638 198 673 213 nur
687 192 717 213 der

87 227 184 251 Initiative
199 227 272 251 Rußla
280 227 328 250 nds,
345 226 485 253 Frankreichs
500 226 536 246 und
550 225 717 251 Deutſchlands

88 263 122 281 um
141 260 184 284 dieſe
199 259 299 284 Bündniſſe
321 262 372 281 unter
387 260 462 281 Beitritt
485 260 514 280 der
536 258 717 283 amerikaniſchen

88 294 174 316 Staaten,
196 293 247 317 ſowie
270 293 359 318 Japans
380 293 416 314 und
439 293 524 317 Chinas
547 298 567 318 zu
589 292 627 312 dem
649 291 717 312 Welt—

87 326 246 348 Staatenbund
268 333 288 352 zu
310 328 406 347 erweitern.
436 327 481 347 Kein
503 326 561 346 Staat
583 325 629 349 hätte
650 324 718 349 Anlaß,

90 361 120 385 ſich
135 367 188 387 gegen
203 361 236 381 den
251 360 325 381 Beitritt
346 366 367 386 zu
381 360 468 382 ſträuben,
491 359 536 379 denn
550 359 596 384 jeder
616 364 651 379 von
666 358 719 383 ihnen

88 394 148 415 würde
170 394 227 416 ſeinen
248 393 323 417 höchſten
345 393 425 417 Vortheil
446 392 496 413 dabei
518 392 583 416 finden.
613 392 640 412 Es
659 392 719 413 würde

90 428 138 447 dann
153 427 211 447 keine
226 426 321 446 anderen
336 425 489 452 Machtfragen
504 425 552 449 mehr
567 425 627 451 geben,
637 425 672 445 als
687 425 720 446 die

90 459 293 484 wirthſchaftlichen
315 459 358 479 und
381 459 563 479 intellectuellen.
593 458 635 479 Von
650 458 720 484 größler

90 493 199 520 Wichtigkeit
214 492 232 516 iſt
253 496 272 513 es
288 492 379 518 übrigens,
400 492 434 516 daß
455 493 489 512 das
503 491 670 517 Zuſtandekommen
688 491 720 512 des

91 526 300 549 Welt⸗Staatenbundes
324 525 409 552 möglichſt
439 526 479 546 bald
503 524 629 551 bewerkſtelligt
657 524 720 545 werde

92 561 146 582 Denn
160 566 211 581 wenn
226 559 258 584 erſt
281 560 350 583 China
365 559 406 583 nach
421 559 460 579 dem
482 558 566 582 Muſter
587 558 675 582 Japans
690 557 721 583 ſich

92 593 192 618 militäriſch
214 592 308 619 organiſirt
324 593 380 617 haben
401 593 445 612 wird
461 592 496 612 und
519 592 562 616 dieſe
584 592 645 612 beiden
659 590 721 617 Reiche

95 628 128 648 mit
143 628 192 652 ihren
208 628 288 647 4ÿ5500
304 625 403 646 Millionen
419 625 538 649 Einwohneru
560 631 610 651 ganz
633 625 721 650 Europa

93 662 113 682 be
121 661 203 685 drohen
218 661 290 683 können,
306 659 353 680 dann
369 659 389 682 iſt
403 659 442 683 eher
457 660 485 679 ein
500 658 627 685 Weltkrieg,
649 659 679 679 als
693 657 722 679 ein

93 693 280 716 Welt⸗Staatenbund
295 699 315 718 zu
330 694 423 716 erwarten,
439 704 464 706 —
480 693 508 712 ein
523 692 623 718 Weltkrieg,
644 692 677 712 wie
691 691 722 716 ihn

94 728 121 748 die
131 727 181 749 Welt
195 727 236 751 noch
251 726 295 750 nicht
309 725 379 752 geſehen
394 726 430 750 hat.
460 725 532 746 Darum
542 725 595 750 Hand
610 725 653 745 an's
662 723 722 748 Wert

94 761 150 781 damit
165 764 184 781 es
204 760 275 784 unſerer
290 758 401 779 Generation
415 759 500 784 vergönnt
521 758 556 782 ſein
570 758 627 784 möge,
646 757 679 777 mit
693 756 723 777 der

95 793 160 814 Grün
171 793 228 819 dung
243 792 281 813 des
296 791 558 813 Welt-Staatenbundes
573 791 606 811 das
621 790 669 814 erſte
678 788 723 815 Feſt

96 826 134 847 des
155 826 289 848 bleibenden
304 825 415 851 Friedens
437 825 453 846 d.
469 825 486 850 h.
508 825 541 846 den
556 824 662 850 endgiltigen
676 822 724 849 Sieg

96 860 126 880 der
140 860 206 881 Cultur
226 860 269 880 über
284 860 310 880 die
325 859 416 880 Barbarei
436 859 456 879 in
470 858 516 879 allen
531 858 613 879 Ländern
633 857 663 878 der
677 857 724 879 Erde

96 893 137 919 noch
151 899 183 914 vor
198 893 267 918 Schluß
282 893 313 913 des
327 892 395 918 jetzigen
409 891 545 917 Jahrhunderts
560 897 580 916 zu
594 890 656 916 feiern.

298 987 525 1050 ——
