800 1237
74 75 139 103 Erfolg
152 75 233 102 begleitet
247 75 290 101 ſein,
311 75 341 96 als
355 75 383 95 die
398 80 451 101 ganze
467 74 553 100 politiſche
568 73 659 100 Weltlage
675 74 716 95 dar—

73 108 120 137 thut,
135 109 170 135 daß
185 109 216 130 der
231 108 384 134 Schwerpunkt
407 108 437 129 der
459 108 614 133 auswärtigen
630 103 718 137 Politik

72 136 106 174 für
120 143 148 164 die
170 142 323 168 europäiſchen
338 141 458 168 Großmächte
480 142 516 168 jetzt
531 141 564 167 faſt
587 140 717 167 ausſchließlich

65 174 95 198 in
118 177 152 198 den
176 176 369 202 Colonialfragon
395 175 436 196 oder
460 175 566 202 wenigſtens
591 175 611 196 in
635 174 717 200 außer—

70 208 113 232 euro
131 204 233 246 päiſchen
248 210 320 237 Fragen
336 210 378 236 liegt
394 209 430 230 und
445 209 481 234 daß
496 209 515 229 in
530 208 554 230 all
573 209 630 234 dieſen
646 208 718 235 Fragen

20 245 104 269 eein
125 242 331 271 Zuſammengehen
356 244 415 264 aller
440 243 578 268 eiviliſirten
601 242 719 263 Nationen

75 274 109 303 den
119 278 221 304 Intereſſen
236 280 267 299 der
276 278 373 304 Einzelnen
389 277 485 303 derſelben,
495 277 528 298 wie
543 277 573 297 der
585 276 717 301 Geſammtheit

75 318 110 348 am
121 312 258 339 Förderlichſten
274 312 310 337 ſein
325 311 389 338 dürfte.

131 346 194 368 Wenn
208 346 235 367 die
246 346 372 373 Regierungen
387 350 423 366 aus
438 346 516 372 eigenem
527 344 613 366 Antriebe
628 343 659 368 ſich
673 343 718 369 nicht

74 380 93 407 ſo
103 379 157 406 leicht
171 386 207 401 von
222 380 253 401 der
267 379 400 406 hergebrachten
415 378 561 403 militariſtiſchen
581 376 645 407 Selbſt
655 376 717 403 hilfe—

75 414 113 438 und
128 413 356 440 Fauſtrechtspolitik
377 414 453 434 trennen
468 412 542 435 können,
566 412 583 437 ſo
598 411 668 432 werden
690 410 718 431 die

106 446 141 468 lker
155 446 204 472 ſelbſt
219 447 285 472 endlich
300 449 333 468 den
348 446 388 472 Ruf
403 446 445 471 nach
460 445 567 472 Errichtung
586 445 634 465 eines
649 443 717 470 Zelt-

108 479 251 502 aatenbundes
274 480 348 505 erheben
369 479 444 504 müſſen,
468 491 492 493 —
515 479 557 504 nach
579 478 637 499 einem
659 477 717 499 Welt⸗

98 514 225 542 taatenbunde,
235 514 330 540 innerhalb
346 513 402 539 deſſen
413 513 440 534 die
451 512 619 540 eigenmächtige
630 511 717 537 Selbſt—

104 547 134 575 lfe
149 548 182 574 auf
196 548 236 569 dem
251 547 307 575 Wege
322 547 354 569 des
377 547 470 574 Krieges
492 546 616 572 unbedingt
638 550 717 572 ausge—

77 581 183 613 ſchloſſen
207 581 244 603 und
260 581 312 607 durch
328 582 365 602 eine
390 579 562 607 obligatoriſche
584 579 604 613 or
599 579 717 605 dentliche

73 614 381 643 Friedensgerichtsbarkeit
411 615 466 641 erſetzt
490 613 557 635 würde.
587 613 633 638 Erſt
657 619 718 634 wenn

78 646 150 675 dieſer
166 648 270 671 Gedanke
292 649 338 674 ſeine
353 648 543 674 Verwirklichung
558 647 647 674 gefunden
662 647 719 672 haben

96 682 131 709 ird,
146 683 217 704 werden
232 683 267 704 wir
281 687 317 704 aus
333 683 363 704 der
377 682 449 708 Praxis
464 682 494 703 der
509 680 659 707 Nothbehelfe
682 680 740 702 und

78 716 112 744 der
128 716 219 739 kleinen
241 716 321 738 Mittel
343 722 374 742 zur
389 716 506 742 Beſeitigung
526 715 556 736 der
571 714 667 740 Wirrniſſe
682 714 719 735 und

66 750 175 777 Nothlage,
191 752 244 771 unter
258 750 314 771 denen
329 750 356 770 die
367 749 481 775 Geſellſchaft
496 749 554 773 leidet,
565 748 720 774 herauslommen,

78 781 90 809 —
78 783 150 809 erſt
165 783 214 805 dann
224 783 269 805 wird
285 783 312 804 die
322 783 439 809 geſammte
449 781 585 808 Menſchheit
597 781 721 807 erleichtert

73 816 192 844 aufathmen,
207 822 238 838 um
253 817 286 838 mit
301 816 413 837 vereinter
428 815 567 842 ungeahnter
582 815 646 841 Kraft
668 816 720 836 unter

106 861 108 869 m
134 850 212 872 Banner
226 851 258 871 des
273 848 539 871 Welt-Staatenbundes
553 848 615 874 fortan
630 848 720 875 ungeſtört

112 894 114 896 en
154 884 231 910 höchſten
253 883 316 910 Zielen
337 883 452 909 zuzuſtreben.
482 882 541 903 Dann
565 882 597 907 erſt
622 882 667 903 wird
690 882 722 903 der

110 917 231 944 eltfrieden
253 917 349 938 dauernd
372 916 469 943 begründet
484 916 520 941 ſein
543 916 579 936 und
595 922 626 941 zur
647 915 721 941 wahren

108 951 283 977 elt⸗Wohlfahrt
298 950 368 976 führen.

136 984 168 1007 An
192 983 371 1010 realpolitiſchen
396 982 660 1010 Anknüpfungspunkten
689 988 720 1009 zur

80 1018 231 1049 Verwirklichung
246 1019 277 1040 des
284 1016 345 1047 Welt⸗
354 1016 497 1038 Staatenbundes
514 1016 557 1042 fehlt
572 1020 592 1037 es
607 1016 656 1043 ſchon
671 1016 721 1042 heute

79 1052 194 1079 keineswegs.
224 1052 260 1073 Die
275 1051 404 1077 verſchiedenen
418 1050 525 1075 Bündniſſe,
541 1050 596 1071 denen
610 1050 644 1071 wir
659 1057 720 1078 gegen⸗

81 1086 146 1113 wärtig
161 1086 180 1107 in
195 1086 269 1111 Europa
284 1086 379 1112 begegnen,
394 1085 427 1106 wie
442 1084 472 1105 der
488 1083 720 1110 deutſch-italieniſch—

82 1119 244 1147 oͤſterreichiſche
254 1119 384 1144 Dreibund,
395 1119 429 1140 das
439 1117 529 1144 Bündniß
545 1117 625 1144 zwiſchen
636 1118 722 1145 Frank—
