800 1237
148 50 249 80 erſchienene
259 42 359 86 Schriften
373 62 410 77 von
428 53 527 84 demſelben
538 55 645 95 Verfaſſer:

125 112 128 114 em
164 90 203 114 und
219 92 322 120 Geſchichte
339 94 373 116 des
381 94 535 121 Jaturalismus.
566 99 634 127 (Leipzi—
661 101 704 129 fünf
744 104 760 131 /

130 118 220 147 luflagen.)
250 121 298 148 Auch
313 123 333 144 in
348 124 442 151 engüufcher
456 126 582 155 Ueberſetzung
598 129 701 154 erſchienen
752 135 773 161 3

156 153 212 181 ampf
224 160 257 177 um
277 154 308 178 die
323 156 444 185 eunropäiſche
458 158 590 186 Suprematie.
620 162 770 189 (Berlin.

142 181 160 208 xl
173 181 298 210 Siegismund
317 185 387 212 1890.)
750 194 765 206 —

132 211 279 243 Weltgeſchichte
300 218 333 244 für
354 218 482 243 Jedermaun.
507 222 591 249 GBerlin,
615 216 700 256 Reform⸗

110 242 195 271 Verlag)

149 256 242 337 dehng
261 279 350 306 veituer
370 280 481 310 Ausgleich
507 284 589 311 (Berlin,
614 287 700 313 Reform⸗

144 336 204 362 Staat
229 340 332 364 Bellamy's
357 342 395 365 und
411 343 459 366 ſeine
500 346 587 369 Uachfolge.
626 342 699 380 Berlin,

106 338 194 398 ete
195 367 280 396 a
298 337 320 378 ur
483 345 571 375 Uachfolge.

130 399 298 429 Cogitantenthum
314 405 350 425 als
359 405 457 427 Staats-
474 409 518 428 und
526 404 693 442 Weltreligion—

77 427 192 456 Gerüun,
208 430 254 452 Carl
270 431 394 459 Siegismund
412 435 481 461 1803.)

148 462 208 519 *
224 463 303 487 Motive
319 465 351 487 des
362 466 487 494 Strafrechts.
517 470 600 496 Berlin,
612 472 696 498 Reform⸗

154 524 249 553 ationales
275 526 449 552 Säcular-Album.
479 531 496 552 J.
521 531 584 558 Band.
614 534 696 561 Berlin,

169 553 309 582 Siegismund.)

258 1213 310 1232 verlin
315 1214 355 1229 SW.
458 1217 480 1230 16.
492 1217 520 1232 Tel
531 1213 586 1232 Antoi
