800 1185
74 747 171 772 ſtreichen
186 747 225 771 ließ,
247 747 289 772 ohne
304 748 357 771 ſeiner
371 747 493 771 Revancheluſt
514 746 568 772 Folge
581 753 602 773 zu
615 747 674 774 geben,
696 747 703 773 ſi

102 69 131 89 der
151 68 240 93 Politik
261 68 305 92 ſeine
328 67 446 94 zwingende
469 67 548 94 Geltung
569 68 657 94 erlangen.

101 100 204 127 Gründung
213 101 260 121 einer
270 99 338 120 völker
346 99 405 127 rechtl
421 99 480 127 ichen
475 99 618 121 Welt-Un
580 99 613 127 ion
627 100 659 126 auf
668 101 723 126 dieſer

101 133 206 159 Grundlage
221 144 245 147 —
261 132 294 153 das
308 131 327 156 iſt
342 132 368 152 die
382 132 434 158 große
448 131 503 156 That,
523 132 550 152 die
564 132 672 158 erforderlich
691 133 723 161 iſt,

100 172 131 186 um
145 166 176 186 der
189 164 278 186 Barbarei
292 164 323 184 des
337 164 409 190 Krieges
423 165 474 184 unter
488 164 520 184 den
535 164 634 189 civiliſirten
643 160 696 188 Völke—

100 198 129 222 für
140 198 202 218 immer
217 198 244 217 ein
254 196 302 217 Ende
316 202 336 222 zu
346 196 414 221 machen
429 196 464 216 und
477 196 509 216 mit
524 196 562 216 dem
571 196 722 224 Weltfrieden

100 230 129 250 der
153 229 202 251 Welt
217 229 327 254 wohlfahrt
342 228 368 249 die
382 228 436 255 Wege
451 234 471 254 zu
486 228 546 250 ebnen.
574 228 642 253 Indem
657 229 702 258 der

99 262 226 287 Antwerpen
249 267 288 282 vom
303 264 334 281 29.
349 260 416 287 Auguſt
438 261 466 281 bis
489 264 506 281 1.
522 261 678 292 September
640 260 678 292 vor

99 295 168 320 Jahres
188 294 298 320 abgehaltene
326 293 413 320 Frieden
423 293 515 320 geongreß
536 293 567 319 ſich
581 293 643 315 immer
656 294 699 320 wied

100 327 131 351 für
147 327 180 347 das
195 326 255 351 bloße
269 324 528 351 Schiedsgerichtsſyſtem
542 326 641 351 ausſprach,
655 326 697 352 hat
715 325 718 328 er

99 360 128 379 der
133 359 190 383 Sache
196 359 226 379 des
233 358 318 383 Friedens
321 357 426 383 thatſächlich
430 357 446 382 ſo
450 358 506 383 wenig
511 358 598 383 Vorſchub
601 358 680 384 geleiſtet,
685 365 702 384 wi

99 390 152 420 ſeine
161 390 278 420 Vorgänger.
292 390 366 414 Ebenſo
374 390 698 417 ungenügend
510 390 542 420 iſt
553 390 582 420 das
589 390 597 420 ,
717 412 720 420 Mittelchen“,

98 424 131 444 das
146 424 164 443 in
179 423 246 447 Geſtalt
268 423 315 443 eines
335 422 666 450 Waffenſtillſtandsvertrages
685 408 720 470 ai

98 456 166 482 längere
180 455 219 481 Zeit
234 456 283 480 auf's
297 455 354 480 Tapet
369 454 445 481 gebracht
459 455 524 476 wurde.

151 488 221 509 Nimmt
248 494 290 508 man
314 493 344 511 an,
372 487 405 512 daß
429 487 494 513 infolge
521 487 551 508 der
574 467 701 514 ———

97 520 240 545 Wehrpflicht
254 520 280 540 die
294 520 373 540 Völker
387 519 434 544 ſelbſt
448 519 584 545 friedliebender,
599 520 644 541 denn
656 521 678 547 je

97 553 165 574 worden
180 552 216 576 ſind
231 553 265 573 und
280 552 314 577 daß
335 552 375 577 auch
390 552 415 573 die
444 552 585 578 Staatsoberh
596 553 669 579 äupter
684 547 725 596 die

97 585 280 611 Verantwortung
302 585 332 610 für
346 585 394 605 einen
409 585 461 611 Krieg
481 586 514 606 mit
528 585 585 610 ſeinen
606 584 719 612 furchtbaren

96 617 162 643 Folgen
176 618 226 643 nicht
240 618 298 643 mehr
313 617 381 641 leichten
390 617 468 643 Herzens
482 624 502 643 zu
516 618 632 643 übernehmen
645 606 721 650 geneigt

96 649 139 674 ſind,
148 651 180 671 wie
194 651 226 671 wir
237 654 271 671 aus
285 650 330 675 jeder
340 650 441 675 Thronrede
457 650 492 670 und
502 650 695 675 Präſidenten-Botſcha

96 683 169 707 erſehen,
184 694 209 696 —
224 683 288 703 nimmt
302 688 344 703 man
358 682 416 707 ferner
430 688 460 706 an,
475 682 508 707 daß
523 688 536 708 z.
547 682 572 703 B.
587 682 730 711 Frankreich

95 716 134 740 trotz
148 715 201 738 ſeiner
215 715 319 741 glänzenden
334 715 554 740 Armee-Reorganiſation
568 717 593 735 250
603 715 661 741 Jahre
675 712 753 737 ver

95 779 135 804 darf
149 785 190 800 man
212 779 273 806 füglich
288 779 390 804 behaupten,
412 779 445 804 daß
460 783 479 799 es
500 785 534 800 nur
548 779 577 800 der
591 779 703 804 Initiativ

95 812 141 832 einer
156 811 283 837 Großmacht
304 812 387 837 bedürfle,
409 817 439 832 um
461 817 481 837 zu
502 812 549 832 einer
562 811 650 837 Reform
670 810 717 837 und

94 844 246 870 Codifieation
261 845 296 865 des
311 844 459 869 Völkerrechts
472 850 493 870 zu
507 845 596 870 gelangen,
606 844 638 866 wie
652 845 659 866 i
678 836 716 864 ſie

93 872 140 902 ſchon
161 878 185 897 im
200 877 257 902 Jahre
273 880 323 897 1872
346 878 364 897 in
378 877 443 897 meiner
457 876 526 901 Schrift
548 876 668 903 „Grundzüge
687 879 691 883 z

93 909 167 934 Reform
188 910 223 930 und
245 909 360 933 Codification
381 909 412 929 des
430 908 560 934 Völkerrechts“
582 905 726 936 vorgeſchlagen

93 941 160 967 habe.)
188 941 223 962 Die
237 941 328 967 bezügliche
338 941 433 965 Initiative
447 941 505 961 würde
518 947 548 961 um
563 941 579 965 ſo
594 940 663 967 ſicherer
675 944 722 964 von

165 995 204 1013 Eine
222 994 324 1015 vollſtändige
336 994 441 1016 Ueberſetzung
459 994 485 1011 der
496 993 528 1015 hier
542 994 602 1012 citirten
613 992 701 1017 Schrift
684 992 701 1017 er

93 1021 138 1043 ſchien
151 1021 167 1040 in
180 1023 207 1040 den
227 1022 336 1042 Etats-Unis
351 1021 367 1047 d'
362 1022 437 1043 Rurope“
455 1021 512 1043 (Genf)
524 1021 545 1039 im
564 1022 646 1042 „Bulletin
662 1023 682 1040 de
750 1040 754 1045 la

94 1049 159 1066 Soeiõtõ
170 1050 198 1067 dos
209 1050 249 1067 amis
261 1050 280 1066 de
292 1050 308 1066 la
319 1049 355 1070 paix
367 1048 434 1069 (Paris)
450 1048 482 1066 und
494 1048 514 1066 im
535 1050 607 1069 Horald
619 1050 637 1067 of
646 1050 725 1075 Peaco“

93 1076 183 1098 CEondon).
