800 1185
102 67 143 82 man
158 62 248 87 aufhören,
269 62 307 82 mit
322 62 360 82 den
375 61 500 85 Maſchinen
514 61 555 82 und
571 62 630 85 ihren
645 61 719 87 Groß—

103 95 197 120 beſitzern
208 95 263 117 mehr
272 94 368 118 Rückſicht
378 100 397 119 zu
406 94 467 117 haben,
475 94 503 113 als
511 94 543 114 mit
550 93 582 114 den
590 93 720 118 Millionen,

103 128 128 147 die
150 127 199 151 durch
214 127 296 150 dieſelben
316 126 403 146 brodlos
423 126 496 146 werden.
525 126 552 146 Es
567 126 589 150 ſei
608 126 663 146 damit
678 126 721 151 nicht

103 160 166 185 geſagt,
181 159 214 183 daß
229 160 255 179 die
269 159 370 183 Maſchinen
386 158 486 184 abgeſchafft
500 159 567 178 werden
582 158 638 182 ſollen.
667 155 721 183 Wohl

103 192 144 212 aber
158 192 201 212 wird
216 198 257 212 man
272 191 302 215 ſich
317 191 359 216 dazu
379 191 487 216 entſchließen
502 190 573 214 müſſen,
593 191 619 211 die
633 191 720 215 Rieſen—

103 225 220 248 maſchinen
249 225 284 244 der
308 224 473 248 Großinduſtrie
497 223 613 248 entſprechend
641 229 664 248 zu
688 223 720 244 be—

104 257 192 280 ſteuern,
203 262 233 276 um
243 260 277 276 aus
292 256 329 276 dem
340 256 431 281 Ertrage
446 256 516 279 dieſer
526 256 608 276 Steuer
618 256 720 276 Arbeits—

104 289 234 315 gelegenheit
249 288 283 313 für
298 288 441 311 Arbeitsloſe
460 294 482 312 zu
497 288 594 312 ſchaffen.
623 288 721 312 Außerdem

104 321 145 345 muß
160 327 202 341 man
217 320 246 345 ſich
262 320 325 344 endlich
339 320 454 344 entſchließen,
470 320 503 343 daß
518 320 580 344 Recht
594 320 632 345 auf
647 320 721 342 Arbeit

104 353 229 377 ſchlechtweg
244 352 407 377 anzuerkennen
423 352 457 372 und
472 352 498 371 die
515 352 588 377 „heilige
602 352 681 376 Scheu“,
696 353 722 374 die

104 392 145 405 man
161 391 191 405 vor
212 385 264 407 dieſer
279 385 405 409 Anerkennung
428 384 462 406 hat,
482 384 535 409 völlig
549 384 610 408 fahren
629 390 649 409 zu
664 385 722 409 laſſen.

105 418 145 438 Nur
165 417 181 441 ſo
202 417 245 437 wird
265 417 291 437 die
311 416 401 440 Induſtrie
416 416 507 440 aufhören,
528 416 557 436 der
580 416 677 441 „Saturn“
693 417 723 438 der

106 450 166 470 Arbeit
186 455 205 473 zu
220 449 260 472 ſein,
281 449 310 468 der
325 449 368 472 ſeine
383 448 447 468 Kinder
466 448 565 474 verſchlingt
579 449 614 469 und
634 455 668 469 nur
686 456 720 470 von

107 482 160 505 ihrem
175 481 222 502 Tode
238 481 276 501 lebt.

160 514 206 539 Auch
224 520 254 533 vor
274 514 312 533 dem
327 513 395 536 Mittel,
417 514 448 533 den
469 513 621 538 Arbeitsloſen
644 514 723 536 Grund

107 548 147 568 und
162 547 238 567 Boden
254 546 295 566 und
310 546 348 566 das
358 545 448 571 Nöthige
463 552 485 570 zu
500 546 557 570 ihrer
571 546 689 572 Bebauung
704 553 724 572 zu

107 580 204 606 gewähren,
220 579 259 603 darf
273 584 315 598 man
330 578 373 601 nicht
388 578 528 603 zurückſchrecken,
547 584 596 599 wenn
611 583 631 599 es
645 579 683 605 gilt,
697 580 724 600 die

107 611 216 636 Geſellſchaft
237 617 268 631 vor
283 611 329 630 einer
344 610 400 634 Kriſis
415 616 434 635 zu
449 610 546 634 bewahren,
569 617 621 637 gegen
636 611 662 631 die
676 611 724 637 ſelbſt

107 645 133 664 die
154 643 290 669 Militärgewalt
311 643 367 663 keinen
389 642 459 667 ſicheren
481 643 541 668 Schutz
562 643 610 667 mehr
635 644 725 669 gewähren

107 677 171 696 würde.

162 709 217 729 Louis
231 708 321 732 Napoleon
336 707 392 732 ſprach
407 707 437 730 ſich
452 708 505 731 ſeiner
519 708 558 732 Zeit
573 708 625 733 dafür
639 712 680 732 aus,
691 708 725 733 daß

108 746 150 760 man
164 741 196 760 den
206 740 286 760 Arbeiter
300 739 335 759 und
352 739 386 762 ſein
397 739 482 762 Intereſſe
496 740 544 763 mehr
572 739 599 763 an
596 739 675 760 Grund
689 739 725 760 und

109 773 180 792 Boden
195 772 252 796 feſſeln
267 771 318 795 ſollte.
349 771 374 791 Er
392 771 427 795 that
442 772 480 791 dies
494 772 526 791 mit
541 771 631 800 folgenden
641 772 724 793 Worten

241 804 276 822 „La
287 804 337 820 classo
346 804 419 820 ouvriere
427 809 447 820 ne
456 804 522 824 posſède
533 804 573 823 rien,
582 804 592 820 iĩ
601 804 637 820 faut
645 804 661 821 la
668 804 726 821 rendre

208 831 354 852 propriétaire.
370 843 371 846 .
387 843 388 846 .
410 830 446 847 Elle
455 833 480 847 est
488 836 549 847 comme
557 836 578 847 un
585 831 643 852 peuple
651 831 726 848 dilotes

207 863 227 874 au
245 858 300 874 milien
317 858 353 873 d'un
371 857 429 877 penple
447 858 466 873 de
484 858 595 877 sybarites.
618 858 632 874 U
650 858 686 874 faut
703 858 727 875 lu

207 885 268 901 donner
276 890 307 901 une
319 885 364 905 place
373 885 411 900 dans
421 884 435 900 la
446 884 506 900 soeiôt
515 886 531 900 ot
540 885 613 900 attacher
621 889 646 901 sos
658 884 726 902 intẽrots

207 913 216 928 à
228 917 268 928 coux
280 912 301 928 du
313 912 351 927 sol.*

165 938 224 959 Wenn
240 944 276 959 nun
290 938 331 962 auch
346 938 371 958 bei
387 938 416 958 der
430 938 557 964 Organiſation
573 938 602 958 der
616 938 678 960 Arbeit
692 939 727 960 und

111 971 140 991 der
154 970 315 997 Beſitzverhältniſſe
335 970 364 995 für
378 970 404 990 die
419 970 537 994 Arbeitsloſen
558 970 583 990 die
598 970 671 992 Grund-
692 971 727 992 und

112 1003 223 1029 Bodenfrage
237 1004 269 1024 mit
283 1004 301 1023 in
312 1002 392 1027 Betracht
407 1003 483 1023 kommen
498 1002 562 1027 dürfte,
572 1003 588 1028 ſo
604 1003 623 1028 iſt
637 1004 675 1025 dies
689 1004 728 1029 doch

113 1041 147 1055 nur
166 1036 202 1056 eine
217 1035 338 1061 Sonderfrage
358 1035 387 1059 für
402 1035 428 1055 die
442 1034 476 1061 Ver
483 1034 592 1061 wirklichung
611 1036 642 1057 des
656 1036 728 1061 Rechtes

112 1067 143 1093 auf
157 1068 224 1088 Arbeit.
252 1068 281 1092 In
295 1069 324 1088 der
333 1067 478 1094 Verwirklichung
493 1068 546 1092 dieſes
555 1068 627 1094 Rechtes
642 1069 661 1092 iſt
676 1068 728 1089 allein
