800 1185
140 266 221 287 Seitdem
230 266 257 286 die
266 266 342 292 Königin
352 266 381 287 der
390 266 536 292 Wiſſenſchaften,
546 267 573 287 die
582 266 701 292 Philoſophie,

85 298 129 322 nicht
143 299 191 321 mehr
205 299 224 319 in
233 299 291 323 Ehren
306 298 346 323 ſteht
355 299 390 319 und
405 298 451 323 ſelbſt
466 299 499 320 das
509 298 566 324 „Volk
579 299 609 319 der
618 298 699 320 Denker“

86 329 115 355 ſich
124 336 159 351 von
174 330 201 355 ihr
210 330 324 356 abzuwenden
339 330 404 355 ſcheint,
414 331 482 355 ſeitdem
496 330 551 355 macht
565 330 595 355 ſich
609 331 641 357 auf
654 331 700 353 allen

85 362 169 383 Gebieten
189 363 219 384 des
234 362 339 387 öffentlichen
353 363 420 384 Lebens
440 363 475 384 und
490 363 515 384 bei
530 363 638 389 Erörterung
653 358 700 386 aller

84 395 234 421 weltbewegenden
249 395 318 422 Fragen
338 396 374 416 eine
388 395 488 420 Unklarheit
507 396 543 416 und
559 395 703 421 Verworrenheit

0 425 18 449 J
84 427 186 452 bemerklich,
196 428 254 452 welche
268 434 302 448 nur
316 428 398 453 allzuſehr
412 428 454 453 dazu
469 428 555 453 angethan
570 428 596 452 iſt,
610 428 637 449 die
646 428 701 456 Lage,

32 461 35 463 in
116 459 145 480 der
160 460 186 480 die
200 460 280 481 moderne
294 460 403 485 Geſellſchaft
423 460 453 485 ſich
468 460 546 485 befindet,
565 466 585 486 zu
599 460 679 486 erſchwere

15 492 118 513 uund
138 492 174 513 eine
193 492 317 520 befriedigende
331 493 399 519 Löſung
418 492 448 513 der
462 492 578 514 obwaltenden
588 488 699 532 Schwierig⸗

0 520 30 576 —
83 524 134 546 keiten
149 525 188 550 noch
202 525 251 550 mehr
265 526 283 546 in
298 525 324 546 die
339 525 395 552 Ferne
409 532 428 552 zu
443 526 506 547 rücken.

137 558 183 582 Auch
203 557 250 582 heute
270 558 332 584 gelten,
353 565 402 579 wenn
422 559 473 585 gleich
491 560 542 580 unter
561 565 604 585 ganz
614 554 701 597 anderen

81 585 209 630 Verhältniſſen
223 590 250 610 die
264 590 332 614 Worte,
353 591 379 611 die
393 591 473 615 Thiers
493 597 522 612 am
542 594 560 611 4.
575 584 630 617 Maͤrz
645 594 697 613 1840

81 622 106 642 im
120 622 253 648 geſetzgebenden
267 622 334 647 Körper
347 628 381 643 von
396 623 495 648 Frankreich
510 623 611 649 ausſprach:

211 660 235 678 „Il
247 665 268 676 ne
279 660 325 677 suttit
337 665 365 681 pas
382 661 402 677 de
413 661 470 677 lordre
481 661 560 680 matériel,
577 661 589 678 il
601 661 638 679 faut
654 659 700 684 aussi

178 687 198 703 de
214 687 271 703 łF'ordre
288 688 342 707 moral,
361 688 457 704 é'est-a-dire
475 688 552 705 l'union
571 689 604 705 des
621 686 675 709 éspri

178 718 221 730 vers
232 719 257 730 un
269 714 303 730 but
315 719 411 734 communz
419 715 458 731 telle
466 717 491 731 est
499 715 602 736 aujourd'hui
609 715 626 736 la

177 740 246 760 imposso
264 745 285 757 au
296 744 429 761 gouvernemont.
452 741 522 758 Leuro
539 744 564 758 est
581 733 647 776 —

256 767 261 773 dre;
299 772 340 783 nous
378 768 381 772 assi⸗
440 769 449 784 à
461 773 481 784 aun
565 768 576 774 I

134 798 181 823 Auch
196 798 244 824 heute
259 799 313 823 haben
327 800 360 820 wir
374 804 410 820 uns
424 806 455 820 vor
464 800 522 821 Allem
536 800 572 821 klar
585 806 606 826 zu
620 799 690 828 machen,

80 830 113 855 daß
121 831 153 851 wir
160 832 207 851 einer
213 831 368 857 wirthſchaftlichen
376 832 410 852 und
418 832 514 858 politiſchen
518 832 698 862 Neugeſtaltung
661 830 698 862 ent⸗

79 863 158 889 gegengehen,
198 869 218 888 zu
223 864 274 884 deren
299 864 343 872 wünſch
414 865 452 881 them
454 865 690 891 Verlaufe
552 863 572 891 es
580 863 638 891 nöthig
646 863 690 891 wäre,

78 894 112 920 daß
120 894 153 915 alle
158 895 305 919 wohlmeinenden
319 896 354 916 und
360 896 410 921 tiefer
422 896 514 917 blickenden
529 897 597 921 Geiſter
610 896 641 922 ſich

68 927 107 947 ein
121 926 225 951 beſtimmtes
239 927 278 952 Ziel
292 928 366 953 einigen,
378 928 436 953 ebenſo
451 929 483 949 wie
497 928 539 949 über
553 929 581 949 die
590 928 651 955 Wege,
665 919 701 974 um

54 958 152 983 daſſelbe
166 965 186 984 zu
200 960 288 985 erreichen.

131 991 167 1012 Die
181 992 281 1018 Thatſache,
303 993 336 1019 daß
358 993 399 1014 alle
414 993 549 1019 Fortſchritte
570 994 600 1015 der
621 967 701 1020 —

76 1030 119 1046 nur
123 1024 165 1045 die
174 1025 369 1050 Maſchinenarbeit
378 1025 414 1046 und
428 1025 462 1046 das
472 1025 526 1050 Wohl
540 1026 574 1047 der
584 1026 695 1052 Maſchinen—

77 1056 140 1082 beſitzer
163 1056 197 1086 för
206 1056 261 1086 dern,
274 1058 300 1078 die
320 1057 423 1083 menſchliche
437 1058 547 1083 Handarbeit
566 1059 642 1086 dagegen
655 1062 701 1081 ver⸗
