800 1185
98 62 171 89 rängen,
193 62 228 87 daß
251 36 303 86 —*
326 64 365 87 trotz
388 61 431 82 aller
454 61 549 86 politiſchen
570 61 646 86 Freiheit
671 61 702 82 die

76 94 183 120 Exiſtenz
202 94 237 115 der
252 95 368 119 Einzelnen
383 95 456 114 immer
471 94 528 117 mehr
549 94 570 113 in
586 93 654 119 Frage
669 100 702 119 ge—

106 127 144 148 ellt
164 126 214 150 wird,
239 138 263 141 —
287 127 329 151 dieſe
350 126 443 150 Thatſache
467 127 496 150 hat
517 126 545 146 bis
566 126 600 151 jetzt
622 125 648 146 bei
671 126 703 146 den

108 159 208 186 legierenden
225 159 260 179 und
275 159 302 179 bei
318 159 349 179 den
364 158 462 183 beſitzenden
477 158 546 182 Claſſen
560 158 645 182 durchaus
660 158 703 182 nicht

75 188 115 213 die
125 191 151 216 ihr
166 191 283 217 zukommende
298 191 398 216 Beachtung
412 190 503 216 gefunden.

141 223 184 244 Das
199 222 440 248 Geſammtheitsbewußtſein
460 223 495 243 und
520 223 552 243 das
566 223 703 247 Bewußtſein

74 255 118 282 der
131 255 411 280 Intereſſen-Solidarität
431 255 459 275 der
485 261 521 280 gan
533 255 571 282 zen
577 255 704 279 Menſchheit

77 286 107 314 iſt
128 292 154 312 es,
178 288 211 309 das
234 288 261 308 die
285 288 345 313 letztere
369 288 397 307 als
421 287 563 312 Geſellſchaft
587 287 703 312 kennzeichnet.

109 321 140 346 ieſe
149 320 366 344 Intereſſen⸗Solidarität
376 320 466 344 erfordert,
476 320 509 344 daß
520 320 573 344 jedem
583 320 704 345 Angehörigen

88 352 118 373 der
133 352 242 377 Geſellſchaft
261 352 288 372 die
303 352 394 376 Exiſtenz
409 352 499 374 innerhalb
520 352 572 375 dieſer
587 352 704 376 ermöglicht

108 390 139 410 Iw.
149 384 247 410 geſichert
257 384 306 404 wird.
335 384 394 404 Wenn
404 384 430 404 die
441 383 549 408 Geſellſchaft
560 384 591 403 den
602 384 703 404 Arbeit
683 383 706 410 s—

76 417 146 442 loſen
164 417 225 441 ſeinem
240 416 323 440 Schickſal
337 416 422 439 überläßt,
442 416 459 439 ſo
474 416 536 441 drängt
557 415 577 439 ſie
593 416 621 439 ihn
641 415 705 440 einfach

107 448 122 475 if
134 449 161 470 die
170 448 228 474 Pfade
243 449 273 468 des
283 448 447 472 Anarchismus,
458 449 474 468 d.
486 448 501 470 h.
512 454 542 472 zur
551 448 705 473 Kriegserklärung

80 487 142 509 gegen
154 481 190 502 eine
205 481 309 506 menſchliche
320 480 429 505 Geſellſchaft
444 481 486 504 ohne
496 480 704 505 Menſchlichkeitsgefühl.

144 519 196 540 Statt
210 519 248 539 dies
262 519 359 543 einzuſehen
373 518 408 539 und
418 518 517 544 demgemäß
531 524 551 543 zu
566 518 646 542 handeln,
656 518 703 538 über⸗

108 551 143 576 ſſen
156 552 184 572 die
202 551 300 577 beſitzenden
315 551 383 575 Klaſſen
403 551 429 571 die
447 550 533 576 Fürſorge
547 551 576 576 für
591 551 617 571 die
631 551 706 573 Abwehr

102 583 120 609 er
132 590 164 605 von
181 584 233 608 ihnen
247 584 294 608 ſelbſt
304 584 335 608 auf
349 584 381 604 den
391 583 497 609 Kriegspfad
512 584 616 609 gedrängten
626 583 704 604 Arbeits-

90 616 136 642 loſen
150 616 226 642 lediglich
240 616 270 636 der
279 616 352 641 Polizei.
381 615 432 640 Dieſe
446 615 484 638 thut
499 615 656 640 ſelbſtverſtändlich
671 616 707 639 ihre

86 648 160 678 Pflicht.
188 648 236 671 Aber
249 649 276 668 die
291 648 399 673 Geſellſchaft
417 648 446 671 hat
461 648 515 668 damit
536 648 572 670 ihre
586 647 655 672 Pflicht
664 648 707 671 nicht

100 680 155 707 rxfüllt.
184 681 219 701 Sie
239 680 327 704 beſchwört
347 680 429 703 vielmehr
443 680 492 704 durch
513 680 566 704 dieſes
581 680 651 705 herzloſe
671 680 706 700 und

76 733 85 747 —
99 713 171 737 hörichte
188 712 283 736 Verhalten
302 712 392 736 Gefahren
413 712 479 736 herauf,
499 712 553 732 denen
574 712 663 736 ſchließlich
681 712 707 731 die

79 745 223 771 Staatsgewalt
237 744 281 768 nicht
295 744 343 768 mehr
357 743 451 769 gewachſen
466 744 500 767 ſein
515 743 577 768 dürfte.

147 776 227 802 Einzelne
241 776 362 801 Regierungen
377 776 433 800 ſuchen
448 775 492 798 wohl
508 776 539 795 mit
552 775 616 795 allerlei
631 775 707 799 halben

85 808 224 841 Maßregeln
238 808 273 828 und
288 808 368 828 kleinen
378 807 506 831 Mittelchen
516 807 586 832 Abhilfe
600 814 620 832 zu
630 807 707 832 ſchaffen.

93 827 155 870 Dahin
169 840 228 867 gehört
247 840 273 860 die
288 840 356 860 Alters-
371 840 407 860 und
421 839 603 865 Unfallverſicheruug,
624 840 656 860 das
672 840 707 860 Ge—

88 873 121 899 ſeß
135 873 165 893 der
179 872 231 897 ſüßen
246 872 384 897 Sonntagsruhe
398 872 434 892 und
453 871 554 897 dergleichen
569 872 710 902 Einrichtungen,

94 903 127 929 die
138 905 172 926 den
188 904 300 929 Arbeitgeber
320 904 399 928 belaſten,
420 904 462 927 ohne
482 904 520 924 dem
537 904 616 924 Arbeiter
636 904 670 924 viel
690 910 710 929 zu

101 936 158 963 helfen,
171 936 253 961 während
267 936 289 960 ſie
303 936 333 961 für
347 936 379 956 den
389 936 509 960 Arbeitsloſen
523 936 620 961 überhaupt
634 936 677 961 nicht
691 937 710 957 in

48 969 176 994 Betracht
190 969 272 990 kommen.

149 1001 195 1022 Nein
209 1001 259 1026 durch
269 1001 319 1025 ſolche
329 1000 380 1021 kleine
390 1000 490 1024 Mittelchen
500 1001 544 1020 wird
559 1000 588 1020 der
597 1001 710 1026 Zuſammen⸗

74 1034 146 1060 ſturz,
154 1034 184 1054 der
191 1034 217 1054 die
225 1033 304 1054 moderne
313 1033 421 1058 Geſellſchaft
432 1032 507 1056 bedroht,
516 1032 564 1056 ſicher
571 1032 615 1057 nicht
622 1033 711 1059 hintange—

99 1066 157 1092 halten
177 1065 251 1087 werden.
280 1066 314 1086 Um
334 1066 430 1092 gründliche
445 1064 515 1090 Abhilfe
534 1071 554 1090 zu
574 1064 651 1090 ſchaffen,
670 1065 712 1091 muß
